@BOOK {Book,
    author    = "Meinard Muller",
    title     = "Fundamentals of Music Processing: Audio, Analysis, Algorithms, Applications",
    publisher = "Springer",
    year      = "2015",
    edition   = "first"
}

@PHDTHESIS {WSOLA,
    author = "Jonathan Driedger",
    title  = "Time-Scale Modification Algorithms for Music Audio Signals",
    school = "Saarland University",
    year   = "2011",
    month  = "dec"
}

@ARTICLE {DLNCO,
    author  = "Ewert, S., Muller, M., \& Grosche",
    title   = "High resolution audio synchronization using chroma onset features.",
    journal = "IEEE",
    year    = "2009"
}

@ARTICLE {MrMs,
    author  = "Thomas Pratzlich, Jonathan Driedger and Meinard Muller",
    title   = "MEMORY-RESTRICTED MULTISCALE DYNAMIC TIME WARPING",
    journal = "ICASSP"
}

@inproceedings{Librosa,
  title={librosa: Audio and music signal analysis in python},
  author={McFee, Brian and Raffel, Colin and Liang, Dawen and Ellis, Daniel PW and McVicar, Matt and Battenberg, Eric and Nieto, Oriol},
  booktitle={Proceedings of the 14th python in science conference},
  volume={8},
  year={2015}
}

@misc{GitHub,
  author = {Meinard Muller},
  title = {Synctoolbox},
  year = {2021},
  publisher = {GitHub},
  journal = {GitHub repository},
  howpublished = {\url{https://github.com/meinardmueller/synctoolbox}},
  commit = {52239975c3691a500c703e8eb6143f3d77ba34d6}
}